<record><leader>00000cas a22000007a 4500</leader><controlfield tag="001">9420521</controlfield><controlfield tag="008">830418c18999999iauwr ne      0   a0eng d</controlfield><datafield ind1=" " ind2=" " tag="010"><subfield code="a">sn 83007467 </subfield></datafield><datafield ind1=" " ind2=" " tag="040"><subfield code="a">NSD</subfield><subfield code="b">eng</subfield><subfield code="c">NSD</subfield><subfield code="d">INP</subfield><subfield code="d">OCLCQ</subfield></datafield><datafield ind1=" " ind2=" " tag="012"><subfield code="m">1</subfield></datafield><datafield ind1="1" ind2=" " tag="022"><subfield code="a">0745-7405</subfield><subfield code="l">0745-7405</subfield><subfield code="2">1</subfield></datafield><datafield ind1="1" ind2=" " tag="029"><subfield code="a">AU@</subfield><subfield code="b">000025797328</subfield></datafield><datafield ind1=" " ind2=" " tag="032"><subfield code="a">631730</subfield><subfield code="b">USPS</subfield></datafield><datafield ind1=" " ind2=" " tag="037"><subfield code="b">The Titonka Topic, Titonka, IA 50480</subfield></datafield><datafield ind1=" " ind2=" " tag="042"><subfield code="a">nsdp</subfield></datafield><datafield ind1=" " ind2="4" tag="222"><subfield code="a">The Titonka topic</subfield></datafield><datafield ind1="0" ind2="0" tag="245"><subfield code="a">Titonka topic.</subfield></datafield><datafield ind1=" " ind2=" " tag="260"><subfield code="a">Titonka, Iowa :</subfield><subfield code="b">E. Graham,</subfield><subfield code="c">1899-</subfield></datafield><datafield ind1=" " ind2=" " tag="300"><subfield code="a">v.</subfield></datafield><datafield ind1=" " ind2=" " tag="310"><subfield code="a">51 no. a year</subfield><subfield code="b">&lt;, Apr. 7, 1983-&gt;</subfield></datafield><datafield ind1=" " ind2=" " tag="321"><subfield code="a">Weekly</subfield></datafield><datafield ind1="0" ind2=" " tag="362"><subfield code="a">Vol. 1, no. 1 (Jan. 26, 1899)-</subfield></datafield><datafield ind1=" " ind2=" " tag="500"><subfield code="a">Publisher varies.</subfield></datafield><datafield ind1=" " ind2=" " tag="752"><subfield code="a">United States</subfield><subfield code="b">Iowa</subfield><subfield code="c">Kossuth</subfield><subfield code="d">Titonka.</subfield></datafield><datafield ind1="0" ind2="4" tag="785"><subfield code="t">Woden watchman</subfield></datafield><datafield ind1=" " ind2=" " tag="936"><subfield code="a">Apr. 7, 1983</subfield></datafield></record>